@conference{kahn1996history,
 title={{The history of steganography}},
 author={Kahn, D.},
 booktitle={Information Hiding},
 pages={1--5},
 annote={The paper talks about the history of steganography, its origins and its current forms},
 year={1996},
 organization={Springer}
}

@conference{cox2008watermarking,
 title={{Watermarking, steganography and content forensics}},
 author={Cox, I.J.},
 booktitle={Proceedings of the 10th ACM workshop on Multimedia and security},
 pages={1--2},
 year={2008},
 annote={The author discusses various types of digital watermarking and 
steganography algorithms. A number of methods for forensic analysis of content
for steganography are also discussed},
 organization={ACM}
}

@article{kumar2010steganography,
 title={{Steganography-A Data Hiding Technique}},
 author={Kumar, A. and Pooja, K.},
 journal={International Journal of Computer Applications IJCA},
 volume={9},
 number={7},
 pages={24--28},
 year={2010},
 annote={This paper provides an introduction to steganography},
 publisher={Foundation of Computer Science FCS}
}

@misc{hinson2009introduction,
 title={{An Introduction to Digital Steganography}},
 author={Hinson, J.},
 howpublished = "\url{http://cs.uccs.edu/~jhinson/cs591/files/semester_paper.pdf}",
 annote={This paper provides a pedagogical introduction to steganography},
 year={2009}
}

@article{provos2001detecting,
 title={{Detecting steganographic content on the internet}},
 author={Provos, N. and Honeyman, P.},
 annote = {The authors describe an experimental setup that 
   attempts to analyse images posted on 
     eBay auctions for steganographic content},
 journal={Ann Arbor},
 volume={1001},
 pages={48103--4943},
 year={2001},
 publisher={Citeseer}
}

@article{provos2003hide,
 title={{Hide and seek: An introduction to steganography}},
 author={Provos, N. and Honeyman, P.},
 journal={Security \& Privacy, IEEE},
 volume={1},
 number={3},
 pages={32--44},
 issn={1540-7993},
 year={2003},
 annote={An introduction to steganography by Provos who carried out a study
   on the use of image steganography on the internet},
 publisher={IEEE}
}

@conference{fridrich2002practical,
 title={{Practical steganalysis of digital images-state of the art}},
 author={Fridrich, J. and Goljan, M.},
 booktitle={Proc. SPIE Photonics West},
 volume={4675},
 pages={1--13},
 annote={The paper contains discusses a number of methods for practical steganalysis that attack
 a large number of available steganalysis algorithms},
 year={2002},
 organization={Citeseer}
}

@conference{fridrich2005feature,
 title={{Feature-based steganalysis for JPEG images and its implications for future design of steganographic schemes}},
 author={Fridrich, J.},
 booktitle={Information Hiding},
 pages={67--81},
 year={2005},
 organization={Springer}
}

@conference{fridrich2003steganalysis,
 title={{Steganalysis of JPEG images: Breaking the F5 algorithm}},
 author={Fridrich, J. and Goljan, M. and Hogea, D.},
 booktitle={Information Hiding},
 pages={310--323},
 year={2003},
 annote={Analysis of the F5 steganographic algorithm and methods to break it},
 organization={Springer}
}

@book{pan2007intelligent,
 title={{Intelligent multimedia data hiding: new directions}},
 author={Pan, J.S. and Huang, H.C. and Jain, L.C. and Fang, W.C.},
 isbn={3540711686},
 annote={The book covers new methods in the field of steganography. It covers alternative steganographic
   algorithms that are more resilient to traditional steganalysis attacks},
 publisher={Springer Publishing Company},
 year={2007}
}

@article{huang2010techniques,
 title={{Techniques and applications of intelligent multimedia data hiding}},
 author={Huang, H.C. and Fang, W.C.},
 journal={Telecommunication Systems},
 pages={1--11},
 issn={1018-4864},
 year={2010},
 annote={Description of data hiding in various types of multimedia content},
 publisher={Springer}
}

@conference{huang2010reversible,
 title={{Reversible Data Hiding with Improved Histogram Alteration Method}},
 author={Huang, H.C. and Chen, Y.H. and Wang, I.H.},
 booktitle={2010 Sixth International Conference on Intelligent Information Hiding and Multimedia Signal Processing},
 pages={151--154},
 year={2010},
 organization={IEEE}
}

@conference{huang2010adjacent,
 title={{Adjacent Quad Modification Algorithm for Reversible Data Hiding}},
 author={Huang, H.C. and Chen, T.W. and Chang, F.C.},
 booktitle={2010 Sixth International Conference on Intelligent Information Hiding and Multimedia Signal Processing},
 pages={171--174},
 year={2010},
 organization={IEEE}
}
@article{anderson2002limits,
 title={{On the limits of steganography}},
 author={Anderson, R.J. and Petitcolas, F.A.P.},
 journal={Selected Areas in Communications, IEEE Journal on},
 volume={16},
 number={4},
 pages={474--481},
 issn={0733-8716},
 year={2002},
 publisher={IEEE}
}
@article{noble2006support,
    title={{What is a support vector machine?}},
   author={Noble, W.S.},
    journal={Nature biotechnology},
     volume={24},
     number={12},
     pages={1565--1567},
     issn={1087-0156},
     year={2006},
     annote = {An introduction to support vector machines and their practical applications},
     publisher={Nature Publishing Group}
}
@article{petitcolas2002information,
 title={{Information hiding-a survey}},
 author={Petitcolas, F.A.P. and Anderson, R.J. and Kuhn, M.G.},
 journal={Proceedings of the IEEE},
 volume={87},
 number={7},
 pages={1062--1078},
 issn={0018-9219},
 year={2002},
 publisher={IEEE}
}


@article{wang2004cyber,
 title={{Cyber warfare: steganography vs. steganalysis}},
 author={Wang, H. and Wang, S.},
 journal={Communications of the ACM},
 volume={47},
 number={10},
 pages={76--82},
 issn={0001-0782},
 year={2004},
 publisher={ACM}
}

@conference{westfeld2000attacks,
 title={{Attacks on steganographic systems}},
 author={Westfeld, A. and Pfitzmann, A.},
 booktitle={Information Hiding},
 pages={61--76},
 year={2000},
 annote={A collection of practical attacks on steganographic systems},
 organization={Springer}
}

@conference{lu2005improved,
 title={{An improved sample pairs method for detection of LSB embedding}},
 author={Lu, P. and Luo, X. and Tang, Q. and Shen, L.},
 booktitle={Information Hiding},
 pages={215--216},
 year={2005},
 organization={Springer}
}
@conference{farid2002detecting,
 title={{Detecting hidden messages using higher-order statistical models}},
 author={Farid, H.},
 booktitle={Proc. IEEE Int. Conf. Image Processing, New York},
 pages={905--908},
 annote={Methods for testing images for steganographic content using higher-order statistical methods. The author describes a method that is not limited to a single steganographic system},
 year={2002},
 organization={Citeseer}
}

@article{kundur2002digital,
  title={{Digital watermarking for telltale tamper proofing and authentication}},
  author={Kundur, D. and Hatzinakos, D.},
  journal={Proceedings of the IEEE},
  volume={87},
  number={7},
  pages={1167--1180},
  issn={0018-9219},
  year={2002},
  annote={This paper discusses a digital watermarking scheme that is immune to image modifications},
  publisher={IEEE}
}

@misc{spies2010,
    author = {N. Shachtman},
     title = {{FBI: Spies Hid Secret Messages on Public Websites}},
    howpublished = "\url{http://www.wired.com/dangerroom/2010/06/alleged-spies-hid-secret-messages-on-public-websites/}",
    year={2010},
    annote={A news article that talks about the discovery of steganographic images in publicly available images. These
      images were allegedly used by terrorists to communicate without being detected by law enforcement agencies},
    note ="[Online; accessed 21 Feb 2011]"
}
@misc{stepnic,
  author = {L. Domnitser},
  title = {{Stepic : Python Image Steganography}},
  howpublished = "\url{http://domnit.org/stepic/doc/}",
  year = {2007}, 
  annote = {An opensource image steganography tool, designed as a teaching aid},
  note = "[Online; accessed 21 Feb 2011]"
}


@misc{burns,
author = {R. Burns},
title = {{Dreams}},
howpublished = "\url{http://www.worldburnsclub.com/poems/translations/a_dream.htm}",
year = {2010},
annote = {An excerpt from the works of Scottish National Poet, Robert Burns},
note =  "[Online; accessed 21 Feb 2011]"
}

@misc{ezstego,
author = {R. Machado},
title = {{EzStego}},
howpublished = "\url{http://www.securityfocus.com/tools/586}",
year = {2010},
annote = {One of the first commonly available steganography tools that has been widely 
  studied by a number of authors},
note =  "[Online; accessed 15 Mar 2011]"
}

@misc{stools,
author = {A. Brown},
title = {{S-Tools}},
howpublished = "\url{http://www.jjtc.com/Security/stegtools.htm}",
year = {2010},
annote={A list of commonly available steganography tools},
note =  "[Online; accessed 15 Mar 2011]"
}

@misc{jsteg,
author = {D. Upham},
title = {{JSteg}},
howpublished = "\url{http://zooid.org/~paul/crypto/jsteg/}",
year = {2010},
annote = {JSteg is an opensource steganography tool that uses JPEG images as a medium
  for data hiding. It hides data by manipulating the DCT coeffecients that constitute
    a JPEG image},
note =  "[Online; accessed 21 Feb 2011]"
}

@misc{esfs,
author = {T. Touceda},
title = {{Encrypted Steganographic Filesystem}},
howpublished = "\url{https://github.com/chiiph/ESFS}",
year = {2010},
annote = {ESFS is an encrypted filesystem based on Stepic that utilises
  Linux's Filesystem in Userpace (FUSE). It is a proof of concept project and designed
    for pedagogical purposes and not for everyday use.},
note =  "[Online; accessed 21 Feb 2011]"
}
@misc{jphide,
author = {A. Latham},
title = {{JPHide and Seek}},
howpublished = "\url{http://linux01.gwdg.de/~alatham/stego.html}",
year = {2010},
annote= {An open source steganography tool that relies on manipulating DCT coefficients of JPEG images},
note =  "[Online; accessed 21 Feb 2011]"
}
@conference{kawaguchi1998concept,
  title={{A concept of digital picture envelope for Internet communication}},
  author={Kawaguchi, E. and Nozaki, K. and Niimi, M. and Noda, H. and Eason, R.O.},
  booktitle={Preprint of the 8th European-Japanese Conference on Information Modeling and Knowledge Bases},
  year={1998},
  annote={This paper introduces BPCS steganography as an alternative to steganography that relies on 
    LSB coeffecients or DCTs},
  organization={Citeseer}
}
@misc{stegmark,
author = {DataMark Technologies},
title = {{StegMark}},
howpublished = "\url{http://www.datamark-tech.com/tech-stegmark.htm}",
year = {2010},
annote = {Stegmark is a commercial steganography detection software that utilises
  proprietary hashsets to detect the presence of steganographic content in images},
note =  "[Online; accessed 21 Feb 2011]"
}
@misc{outguess,
author = {N. Provos},
title = {{Outguess Steganography Tools}},
howpublished = "\url{http://www.outguess.org/}",
year = {2010},
note =  "[Online; accessed 21 Feb 2011]"
}
@misc{gargoyle,
author = {WetStone Technologies},
title = {{Gargoyle Investigator Pro}},
howpublished = "\url{http://www.wetstonetech.com/faq_gargoyle.html}",
year = {2010},
annote={Gargoyle Investigator Pro is a commercial digital forensics software package. It provides
  features to detect malware, spyware, steganography tools and images with steganographic content},
note =  "[Online; accessed 21 Feb 2011]"
}
@misc{encase,
author = {Guidance Software},
title = {{Encase Forensic}},
howpublished = "\url{http://www.guidancesoftware.com/forensic.htm}",
year = {2010},
annote={Encase is a commercial digital forensics software package that also allows
  for the detection of steganographic images and steganographic tools},
note =  "[Online; accessed 21 Feb 2011]"
}
@misc{alfajr,
author = {Bakier, A.H},
title = {{The Jamestown Foundation}},
howpublished = "\url{http://www.jamestown.org/programs/gta/single/?tx_ttnews%5Btt_news%5D=1057&tx_ttnews%5BbackPid%5D=182&no_cache=1}",
year = {2010},
annote = {News article that describes the analysis of the Techincal Mujahid, a terrorist training manual
  that talks about the use of steganography as a means for covert communication},
note =  "[Online; accessed 21 Feb 2011]"
}
@misc{ftk,
author = {AccessData},
title = {{AccessData Forensic Toolkit}},
howpublished = "\url{http://accessdata.com/products/forensic-investigation/ftk}",
year = {2010},
annote={FTK is a commercial Digital Forensics Suite that provides steganalysis features},
note =  "[Online; accessed 21 Feb 2011]"
}
@misc{scrapy,
author = {Insophia, LLC},
title = {{Scrapy | An open source scraping framework for Python }},
howpublished = "\url{www.scrapy.org}",
year = {2010},
annote= {Scrapy is an opensouce web scraping framework that allows for the extraction of 
  arbitrary HTML content from websites},
note =  "[Online; accessed 22 Mar 2011]"
}
@conference{westfeld2001f5,
    title={{F5—a steganographic algorithm}},
    author={Westfeld, A.},
    booktitle={Information Hiding},
    pages={289--302},
    year={2001},
    annote={Westfeld describes a steganographic algorithm that is immune to traditional visual attacks.},
    organization={Springer}
}
@conference{wang2005collision,
    title={{Collision search attacks on sha1}},
    author={Wang, X. and Yin, Y.L. and Yu, H.},
    booktitle={Proceedings of Crypto},
    annote = {The authors study hash collisions in the SHA1 hash function. They conclude that while
      hash collisions in SHA1 are rare, they are nonetheless possible. Owing to this, more secure hash
        functions like SHA256 and SHA512 are recommended for sensitive data},
    year={2005}
}
@mastersthesis{crawford2010supraliminal,
    title={{Supraliminal steganography: Hiding messages in audio and still image files}},
    author={Crawford, H.A.},
    year={2009},
    annote = {The thesis talks about the use of audio and still images to hide data using steganography in ways
    not readily evident to the casual observer},
    school={University Of Calgary}
}
@conference{shirali2006new,
    title={{A new approach to Persian/Arabic text steganography}},
    author={Shirali-Shahreza, M.H. and Shirali-Shahreza, M.},
    booktitle={5th IEEE/ACIS International Conference on Computer and Information Science, 2006 and 2006 1st IEEE/ACIS International Workshop on Component-Based Software Engineering, Software Architecture and Reuse. ICIS-COMSAR 2006},
    pages={310--315},
    annote={An interesting approach towards text steganography that utilises the Arabic script for data hiding},
    year={2006}
}
